@Article{ornatsky2008study,
    Author="Ornatsky, O. I.  and Lou, X.  and Nitz, M.  and Schafer, S.  and Sheldrick, W. S.  and Baranov, V. I.  and Bandura, D. R.  and Tanner, S. D. ",
    Title="{{S}tudy of cell antigens and intracellular {D}{N}{A} by identification of element-containing labels and metallointercalators using inductively coupled plasma mass spectrometry}",
    Journal="Anal. Chem.",
    Year="2008",
    Volume="80",
    Number="7",
    Pages="2539--2547",
}

@Article{qiu2011extracting,
    Author="Qiu, P.  and Simonds, E. F.  and Bendall, S. C.  and Gibbs, K. D.  and Bruggner, R. V.  and Linderman, M. D.  and Sachs, K.  and Nolan, G. P.  and Plevritis, S. K. ",
    Title="{{E}xtracting a cellular hierarchy from high-dimensional cytometry data with {S}{P}{A}{D}{E}}",
    Journal="Nat. Biotechnol.",
    Year="2011",
    Volume="29",
    Number="10",
    Pages="886--891",
}

@Article{finak2014opencyto,
    Author="Finak, G.  and Frelinger, J.  and Jiang, W.  and Newell, E. W.  and Ramey, J.  and Davis, M. M.  and Kalams, S. A.  and De Rosa, S. C.  and Gottardo, R. ",
    Title="{{O}pen{C}yto: an open source infrastructure for scalable, robust, reproducible, and automated, end-to-end flow cytometry data analysis}",
    Journal="PLoS Comput. Biol.",
    Year="2014",
    Volume="10",
    Number="8",
    Pages="e1003806",
}

@Article{carr2016cellular,
    Author="Carr, E. J.  and Dooley, J.  and Garcia-Perez, J. E.  and Lagou, V.  and Lee, J. C.  and Wouters, C.  and Meyts, I.  and Goris, A.  and Boeckxstaens, G.  and Linterman, M. A.  and Liston, A. ",
    Title="{{T}he cellular composition of the human immune system is shaped by age and cohabitation}",
    Journal="Nat. Immunol.",
    Year="2016",
    Volume="17",
    Number="4",
    Pages="461--468",
}

@Article{robinson2010edgeR,
    Author="Robinson, M. D.  and McCarthy, D. J.  and Smyth, G. K. ",
    Title="{edge{R}: a {B}ioconductor package for differential expression analysis of digital gene expression data}",
    Journal="Bioinformatics",
    Year="2010",
    Volume="26",
    Number="1",
    Pages="139--140",
}

@Article{love2014moderated,
    Author="Love, M. I.  and Huber, W.  and Anders, S. ",
    Title="{{M}oderated estimation of fold change and dispersion for {R}{N}{A}-seq data with {D}{E}{S}eq2}",
    Journal="Genome Biol.",
    Year="2014",
    Volume="15",
    Number="12",
    Pages="550"
}

@Article{mccarthy2012differential,
    Author="McCarthy, D. J.  and Chen, Y.  and Smyth, G. K. ",
    Title="{{D}ifferential expression analysis of multifactor {R}{N}{A}-{S}eq experiments with respect to biological variation}",
    Journal="Nucleic Acids Res.",
    Year="2012",
    Volume="40",
    Number="10",
    Pages="4288--4297",
}

@Article{parks2006new,
    Author="Parks, D. R.  and Roederer, M.  and Moore, W. A. ",
    Title="{{A} new ``{L}ogicle" display method avoids deceptive effects of logarithmic scaling for low signals and compensated data}",
    Journal="Cytometry A",
    Year="2006",
    Volume="69",
    Number="6",
    Pages="541--551",
}

@Article{hahne2009flowcore,
    Author="Hahne, F.  and LeMeur, N.  and Brinkman, R. R.  and Ellis, B.  and Haaland, P.  and Sarkar, D.  and Spidlen, J.  and Strain, E.  and Gentleman, R. ",
    Title="{flow{C}ore: a {B}ioconductor package for high throughput flow cytometry}",
    Journal="BMC Bioinformatics",
    Year="2009",
    Volume="10",
    Pages="106"
}

@Article{zunder2015continuous,
    Author="Zunder, E. R.  and Lujan, E.  and Goltsev, Y.  and Wernig, M.  and Nolan, G. P. ",
    Title="{{A} continuous molecular roadmap to i{P}{S}{C} reprogramming through progression analysis of single-cell mass cytometry}",
    Journal="Cell Stem Cell",
    Year="2015",
    Volume="16",
    Number="3",
    Pages="323--337",
}

@Article{levine2015datadriven,
    Author="Levine, J. H.  and Simonds, E. F.  and Bendall, S. C.  and Davis, K. L.  and Amir, e. l. -A. D.  and Tadmor, M. D.  and Litvin, O.  and Fienberg, H. G.  and Jager, A.  and Zunder, E. R.  and Finck, R.  and Gedman, A. L.  and Radtke, I.  and Downing, J. R.  and Pe'er, D.  and Nolan, G. P. ",
    Title="{Data-driven phenotypic dissection of {A}{M}{L} reveals progenitor-like cells that correlate with prognosis}",
    Journal="Cell",
    Year="2015",
    Volume="162",
    Number="1",
    Pages="184--197",
}

@Article{mccarthy2009testing,
    Author="McCarthy, D. J.  and Smyth, G. K. ",
    Title="{{T}esting significance relative to a fold-change threshold is a {T}{R}{E}{A}{T}}",
    Journal="Bioinformatics",
    Year="2009",
    Volume="25",
    Number="6",
    Pages="765--771",
}

@Article{bourgon2010independent,
    Author="Bourgon, R.  and Gentleman, R.  and Huber, W. ",
    Title="{{I}ndependent filtering increases detection power for high-throughput experiments}",
    Journal="Proc. Natl. Acad. Sci. U.S.A.",
    Year="2010",
    Volume="107",
    Number="21",
    Pages="9546--9551",
}

@Article{lun2014denovo,
    Author="Lun, A. T.  and Smyth, G. K. ",
    Title="{{D}e novo detection of differentially bound regions for {C}h{I}{P}-seq data using peaks and windows: controlling error rates correctly}",
    Journal="Nucleic Acids Res.",
    Year="2014",
    Volume="42",
    Number="11",
    Pages="e95",
}

@Article{kotecha2010web,
    Author="Kotecha, N.  and Krutzik, P. O.  and Irish, J. M. ",
    Title="{{W}eb-based analysis and publication of flow cytometry experiments}",
    Journal="Curr. Protoc. Cytom.",
    Year="2010",
    Volume="Chapter 10",
    Pages="Unit10.17",
}

@article{van2008visualizing,
    title={Visualizing data using t-{S}{N}{E}},
    author={Van der Maaten, L. and Hinton, G.},
    journal={J. Mach. Learn. Res.},
    volume={9},
    number={2579-2605},
    pages={85},
    year={2008}
}

@Article{samusik2016automated,
    Author="Samusik, N.  and Good, Z.  and Spitzer, M. H.  and Davis, K. L.  and Nolan, G. P. ",
    Title="{{A}utomated mapping of phenotype space with single-cell data}",
    Journal="Nat. Methods",
    Year="2016",
    Volume="13",
    Number="6",
    Pages="493--496",
}

@Article{lund2012detecting,
    Author="Lund, S. P.  and Nettleton, D.  and McCarthy, D. J.  and Smyth, G. K. ",
    Title="{{D}etecting differential expression in {R}{N}{A}-sequence data using quasi-likelihood with shrunken dispersion estimates}",
    Journal="Stat. Appl. Genet. Mol. Biol.",
    Year="2012",
    Volume="11",
    Number="5",
    Pages=" "
}

@Article{mccarthy2009treat,
    Author="McCarthy, D. J.  and Smyth, G. K. ",
    Title="{{T}esting significance relative to a fold-change threshold is a {T}{R}{E}{A}{T}}",
    Journal="Bioinformatics",
    Year="2009",
    Volume="25",
    Number="6",
    Pages="765--771",
}

@Article{kim2008effects,
    Author="Kim, K. I.  and van de Wiel, M. A. ",
    Title="{{E}ffects of dependence in high-dimensional multiple testing problems}",
    Journal="BMC Bioinformatics",
    Year="2008",
    Volume="9",
    Pages="114"
}

@Article{reiner2003identifying,
    Author="Reiner, A.  and Yekutieli, D.  and Benjamini, Y. ",
    Title="{{I}dentifying differentially expressed genes using false discovery rate controlling procedures}",
    Journal="Bioinformatics",
    Year="2003",
    Volume="19",
    Number="3",
    Pages="368--375",
}

@Article{robinson2010scaling,
    Author="Robinson, M. D.  and Oshlack, A. ",
    Title="{{A} scaling normalization method for differential expression analysis of {R}{N}{A}-seq data}",
    Journal="Genome Biol.",
    Year="2010",
    Volume="11",
    Number="3",
    Pages="R25"
}

@Article{gentleman2004bioconductor,
    Author="Gentleman, R. C.  and Carey, V. J.  and Bates, D. M.  and Bolstad, B.  and Dettling, M.  and Dudoit, S.  and Ellis, B.  and Gautier, L.  and Ge, Y.  and Gentry, J.  and Hornik, K.  and Hothorn, T.  and Huber, W.  and Iacus, S.  and Irizarry, R.  and Leisch, F.  and Li, C.  and Maechler, M.  and Rossini, A. J.  and Sawitzki, G.  and Smith, C.  and Smyth, G.  and Tierney, L.  and Yang, J. Y.  and Zhang, J. ",
    Title="{{B}ioconductor: open software development for computational biology and bioinformatics}",
    Journal="Genome Biol.",
    Year="2004",
    Volume="5",
    Number="10",
    Pages="R80"
}

@Article{anchang2016visualization,
    Author="Anchang, B.  and Hart, T. D.  and Bendall, S. C.  and Qiu, P.  and Bjornson, Z.  and Linderman, M.  and Nolan, G. P.  and Plevritis, S. K. ",
    Title="{{V}isualization and cellular hierarchy inference of single-cell data using {S}{P}{A}{D}{E}}",
    Journal="Nat. Protoc.",
    Year="2016",
    Volume="11",
    Number="7",
    Pages="1264--1279",
}

@Article{shekhar2014automatic,
    Author="Shekhar, K.  and Brodin, P.  and Davis, M. M.  and Chakraborty, A. K. ",
    Title="Automatic Classification of Cellular Expression by Nonlinear Stochastic Embedding ({A}{C}{C}{E}{N}{S}{E})",
    Journal="Proc. Natl. Acad. Sci. U.S.A.",
    Year="2014",
    Volume="111",
    Number="1",
    Pages="202--207",
}

@inbook{watson1992significance,
    author = "Watson, J. V.",
    title = {Flow Cytometry Data Analysis}, 
   chapter = {4 - Significance testing and fit criteria},
    publisher = {Cambridge University Press}, 
    year = {1992},
    isbn = {9780511600357}, 
    note = {Cambridge Books Online}, 
    url = {http://dx.doi.org/10.1017/CBO9780511600357}
}

@Article{behbehani2015mass,
    Author="Behbehani, G. K.  and Samusik, N.  and Bjornson, Z. B.  and Fantl, W. J.  and Medeiros, B. C.  and Nolan, G. P. ",
    Title="Mass Cytometric Functional Profiling of Acute Myeloid Leukemia Defines Cell-Cycle and Immunophenotypic Properties That Correlate with Known Responses to Therapy",
    Journal="Cancer Discov",
    Year="2015",
    Volume="5",
    Number="9",
    Pages="988--1003",
}

@Article{saeys2016computational,
    Author="Saeys, Y.  and Gassen, S. V.  and Lambrecht, B. N. ",
    Title="{{C}omputational flow cytometry: helping to make sense of high-dimensional immunology data}",
    Journal="Nat. Rev. Immunol.",
    Year="2016",
    Volume="16",
    Number="7",
    Pages="449--462",
}

@Article{mittag2011recent,
    Author="Mittag, A.  and Tarnok, A. ",
    Title="{{R}ecent advances in cytometry applications: preclinical, clinical, and cell biology}",
    Journal="Methods Cell Biol.",
    Year="2011",
    Volume="103",
    Pages="1--20"
}

@Article{bruggner2014automated,
    Author="Bruggner, R. V.  and Bodenmiller, B.  and Dill, D. L.  and Tibshirani, R. J.  and Nolan, G. P. ",
    Title="{{A}utomated identification of stratifying signatures in cellular subpopulations}",
    Journal="Proc. Natl. Acad. Sci. U.S.A.",
    Year="2014",
    Volume="111",
    Number="26",
    Pages="E2770--2777",
}

@Article{suzuki2006pvclust,
    Author="Suzuki, R.  and Shimodaira, H. ",
    Title="{{P}vclust: an {R} package for assessing the uncertainty in hierarchical clustering}",
    Journal="Bioinformatics",
    Year="2006",
    Volume="22",
    Number="12",
    Pages="1540--1542",
}

@Article{kerr2001bootstrapping,
    Author="Kerr, M. K.  and Churchill, G. A. ",
    Title="{{B}ootstrapping cluster analysis: assessing the reliability of conclusions from microarray experiments}",
    Journal="Proc. Natl. Acad. Sci. U.S.A.",
    Year="2001",
    Volume="98",
    Number="16",
    Pages="8961--8965",
}

@Article{datta2003comparisons,
    Author="Datta, S.  and Datta, S. ",
    Title="{{C}omparisons and validation of statistical clustering techniques for microarray gene expression data}",
    Journal="Bioinformatics",
    Year="2003",
    Volume="19",
    Number="4",
    Pages="459--466",
}

@Article{wiwie2015comparing,
    Author="Wiwie, C.  and Baumbach, J.  and Rottger, R. ",
    Title="{{C}omparing the performance of biomedical clustering methods}",
    Journal="Nat. Methods",
    Year="2015",
    Volume="12",
    Number="11",
    Pages="1033--1038",
}

@Article{zunder2015palladium,
    Author="Zunder, E. R.  and Finck, R.  and Behbehani, G. K.  and Amir, e. l. -A. D.  and Krishnaswamy, S.  and Gonzalez, V. D.  and Lorang, C. G.  and Bjornson, Z.  and Spitzer, M. H.  and Bodenmiller, B.  and Fantl, W. J.  and Pe'er, D.  and Nolan, G. P. ",
    Title="{{P}alladium-based mass tag cell barcoding with a doublet-filtering scheme and single-cell deconvolution algorithm}",
    Journal="Nat. Protoc.",
    Year="2015",
    Volume="10",
    Number="2",
    Pages="316--333",
}

@Article{finak2016standardizing,
    Author="Finak, G.  and Langweiler, M.  and Jaimes, M.  and Malek, M.  and Taghiyar, J.  and Korin, Y.  and Raddassi, K.  and Devine, L.  and Obermoser, G.  and Pekalski, M. L.  and Pontikos, N.  and Diaz, A.  and Heck, S.  and Villanova, F.  and Terrazzini, N.  and Kern, F.  and Qian, Y.  and Stanton, R.  and Wang, K.  and Brandes, A.  and Ramey, J.  and Aghaeepour, N.  and Mosmann, T.  and Scheuermann, R. H.  and Reed, E.  and Palucka, K.  and Pascual, V.  and Blomberg, B. B.  and Nestle, F.  and Nussenblatt, R. B.  and Brinkman, R. R.  and Gottardo, R.  and Maecker, H.  and McCoy, J. P. ",
    Title="{{S}tandardizing flow cytometry immunophenotyping analysis from the {H}uman {I}mmuno{P}henotyping {C}onsortium}",
    Journal="Sci. Rep.",
    Year="2016",
    Volume="6",
    Pages="20686"
}

@Article{wilson2015combined,
    Author="Wilson, N. K.  and Kent, D. G.  and Buettner, F.  and Shehata, M.  and Macaulay, I. C.  and Calero-Nieto, F. J.  and Sanchez Castillo, M.  and Oedekoven, C. A.  and Diamanti, E.  and Schulte, R.  and Ponting, C. P.  and Voet, T.  and Caldas, C.  and Stingl, J.  and Green, A. R.  and Theis, F. J.  and Gottgens, B. ",
    Title="{{C}ombined single-cell functional and gene expression analysis resolves heterogeneity within stem cell populations}",
    Journal="Cell Stem Cell",
    Year="2015",
    Volume="16",
    Number="6",
    Pages="712--724",
}

@article{pacifico2004false,
    author = {Pacifico, M. P. and Genovese, C. and Verdinelli, I. and Wasserman, L.},
    journal = {J. Am. Stat. Assoc.},
    number = {468},
    pages = {1002-1014},
    title = {False Discovery Control for Random Fields},
    volume = {99},
    year = {2004}
}

@article{benjamini2007false,
    author = {Benjamini, Y. and Heller, R.},
    journal = {J. Am. Stat. Assoc.},
    number = {480},
    pages = {1272-1281},
    title = {False Discovery Rates for Spatial Signals},
    volume = {102},
    year = {2007}
}

@article {benjamini1997multiple,
    author = {Benjamini, Y. and Hochberg, Y.},
    title = {Multiple Hypotheses Testing with Weights},
    journal = {Scand. J. Stat.},
    volume = {24},
    number = {3},
    pages = {407--418},
    year = {1997},
}

@Article{leipold2015multiparameter,
    Author="Leipold, M. D.  and Newell, E. W.  and Maecker, H. T. ",
    Title="{{M}ultiparameter phenotyping of human {P}{B}{M}{C}s using mass cytometry}",
    Journal="Methods Mol. Biol.",
    Year="2015",
    Volume="1343",
    Pages="81--95"
}

@Article{leelatian2015characterizing,
    Author="Leelatian, N.  and Diggins, K. E.  and Irish, J. M. ",
    Title="{{C}haracterizing {P}henotypes and {S}ignaling {N}etworks of {S}ingle {H}uman {C}ells by {M}ass {C}ytometry}",
    Journal="Methods Mol. Biol.",
    Year="2015",
    Volume="1346",
    Pages="99--113"
}

@Article{hansmann2015mass,
    Author="Hansmann, L.  and Blum, L.  and Ju, C. H.  and Liedtke, M.  and Robinson, W. H.  and Davis, M. M. ",
    Title="{{M}ass cytometry analysis shows that a novel memory phenotype {B} cell is expanded in multiple myeloma}",
    Journal="Cancer Immunol Res",
    Year="2015",
    Volume="3",
    Number="6",
    Pages="650--660",
}

@Article{bendall2011singlecell,
    Author="Bendall, S. C.  and Simonds, E. F.  and Qiu, P.  and Amir, e. l. -A. D.  and Krutzik, P. O.  and Finck, R.  and Bruggner, R. V.  and Melamed, R.  and Trejo, A.  and Ornatsky, O. I.  and Balderas, R. S.  and Plevritis, S. K.  and Sachs, K.  and Pe'er, D.  and Tanner, S. D.  and Nolan, G. P. ",
    Title="{{S}ingle-cell mass cytometry of differential immune and drug responses across a human hematopoietic continuum}",
    Journal="Science",
    Year="2011",
    Volume="332",
    Number="6030",
    Pages="687--696",
}

@Article{newell2012cytometry,
    Author="Newell, E. W.  and Sigal, N.  and Bendall, S. C.  and Nolan, G. P.  and Davis, M. M. ",
    Title="{{C}ytometry by time-of-flight shows combinatorial cytokine expression and virus-specific cell niches within a continuum of {C}{D}8+ {T} cell phenotypes}",
    Journal="Immunity",
    Year="2012",
    Volume="36",
    Number="1",
    Pages="142--152",
}

@Article{maecker2012standardizing,
    Author="Maecker, H. T.  and McCoy, J. P.  and Nussenblatt, R. ",
    Title="{{S}tandardizing immunophenotyping for the {H}uman {I}mmunology {P}roject}",
    Journal="Nat. Rev. Immunol.",
    Year="2012",
    Volume="12",
    Number="3",
    Pages="191--200",
}

@Article{brown2012international,
    Author="Brown, S. D.  and Moore, M. W. ",
    Title="{{T}he {I}nternational {M}ouse {P}henotyping {C}onsortium: past and future perspectives on mouse phenotyping}",
    Journal="Mamm. Genome",
    Year="2012",
    Volume="23",
    Number="9-10",
    Pages="632--640",
}

@Article{phipson2016robust,
    Author="Phipson, B. and Lee, S. and Majewski, I. J. and Alexander, W. S. and Smyth, G. K.",
    year = 2016,
    title = "Robust hyperparameter estimation protects against hypervariable genes and improves power to detect differential expression",
    Journal="Ann. Appl. Stat.",
    Volume=10,
    Number=2,
    Pages="946-963"
}

@article{lun2016delicious,
    title={It's {D}{E}-licious: a recipe for differential expression analyses of {R}{N}{A}-seq experiments using quasi-likelihood methods in edge{R}},
    author={Lun, A. T. and Chen, Y. and Smyth, G. K.},
    journal={Methods Mol. Biol.},
    volume=1418,
    pages={391--416},
    year={2016},
    publisher={Springer New York}
}

@article{gaudilliere2014delayed,
    author="Gaudilli\`ere, B.  and Fragiadakis, G. K.  and Bruggner, R. V.  and Nicolau, M.  and Finck, R.  and Tingle, M.  and Silva, J.  and Ganio, E. A.  and Yeh, C. G.  and Maloney, W. J.  and Huddleston, J. I.  and Goodman, S. B.  and Davis, M. M.  and Bendall, S. C.  and Fantl, W. J.  and Angst, M. S.  and Nolan, G. P. ",
    title = {Clinical recovery from surgery correlates with single-cell immune signatures},
    volume = {6},
    number = {255},
    pages = {255ra131},
    year = {2014},
    journal = {Sci. Transl. Med.}
}

@article {gaudilliere2015implementing,
    author="Gaudilli\`ere, B.  and Ganio, E. A.  and Tingle, M.  and Lancero, H. L.  and Fragiadakis, G. K.  and Baca, Q. J.  and Aghaeepour, N.  and Wong, R. J.  and Quaintance, C.  and El-Sayed, Y. Y.  and Shaw, G. M.  and Lewis, D. B.  and Stevenson, D. K.  and Nolan, G. P.  and Angst, M. S. ",
    title = {Implementing Mass Cytometry at the Bedside to Study the Immunological Basis of Human Diseases: Distinctive Immune Features in Patients with a History of Term or Preterm Birth},
    journal = {Cytometry A},
    volume = {87},
    number = {9},
    pages = {817--829},
    year = {2015},
}

@article{tusher2001significance,
    title={Significance analysis of microarrays applied to the ionizing radiation response},
    author={Tusher, V. G. and Tibshirani, R. and Chu, G.},
    journal={Proc. Natl. Acad. Sci. U.S.A.},
    volume={98},
    number={9},
    pages={5116--5121},
    year={2001}
}

@Article{ronan2016avoiding,
    Author="Ronan, T.  and Qi, Z.  and Naegle, K. M. ",
    Title="{{A}voiding common pitfalls when clustering biological data}",
    Journal="Sci. Signal.",
    Year="2016",
    Volume="9",
    Number="432",
    Pages="re6",
}

@book{ramsay2002applied,
    title={Applied functional data analysis: methods and case studies},
    author={Ramsay, J. O. and Silverman, B. W.},
    volume={77},
    year={2002},
    publisher={Springer},
    address={New York}
}

@article{rider1960variance,
    author = {Rider, P. R.},
    journal = {J. Am. Stat. Assoc.},
    number = {289},
    pages = {148-150},
    title = {Variance of the Median of Small Samples from Several Special Populations},
    volume = {55},
    year = {1960}
}

@Article{smyth2004linear,
    Author="Smyth, G. K. ",
    Title="{{L}inear models and empirical bayes methods for assessing differential expression in microarray experiments}",
    Journal="Stat. Appl. Genet. Mol. Biol.",
    Year="2004",
    Volume="3",
    Pages="Article3"
}


